@TechReport{Borland2000,
  author      = {Borland, J and Dawkins, P and Johnson, D and Williams, R},
  institution = {Melbourne Institute for Applied Economic and Social Research},
  title       = {{Returns to investment in higher education}},
  year        = {2000},
}



@Book{OECD2016,
  author      = {OECD},
  publisher   = {OECD},
  title       = {{Education at a glance 2016}},
  year        = {2016},
}
@TechReport{Deloitte2017,
  author      = {Deloitte},
  institution = {Deloitte Technology, Media Telecommunications (TMT) Industry Group},
  title       = {{Smart everything, everywhere: mobile consumer survey 2017, The Australian Cut}},
  url         = {https://www2.deloitte.com/au/mobile-consumer-survey},
  year        = {2017},
}
@InCollection{Norton2017c,
  author      = {Norton, A},
  booktitle   = {Visions for Australian tertiary education},
  editor      = {James, R and French, S and Kelly, P},
  pages       = {91--100},
  publisher   = {Centre for the Study of Higher Education, University of Melbourne},
  title       = {{Universities and the evolving graduate labour market}},
  year        = {2017}, 
}
@Misc{FederationUniversity2018,
  author      = {{Federation University}},
  title       = {{Initiative updates: Student retention and success project - March 2018}},
  url         = {https://federation.edu.au/staff/student-retention-and-success/the-plan/initiative-updates},
  urldate     = {2018-04-12},
  year        = {2018},
}
@TechReport{UniversityofTasmania2018a,
  author      = {{University of Tasmania}},
  institution = {University of Tasmania},
  title       = {{Enrolments: terms and conditions}},
  url         = {http://www.utas.edu.au/enrolments/terms-and-conditions},
  year        = {2018},
}
@TechReport{DepartmentofEducationandTraining2017a,
  author      = {{Department of Education and Training}},
  institution = {Department of Education and Training},
  title       = {{Students: Selected higher education statistics 2016}},
  year        = {2017},
}
@TechReport{DepartmentofEducationandTraining2017c,
  author      = {{Department of Education and Training}},
  institution = {Department of Education and Training},
  title       = {{Key findings from the 'Completion Rates of Higher Education Students - Cohort Analysis, 2005-2015' Report}},
  url         = {https://docs.education.gov.au/system/files/doc/other/key_findings_from_the_completion_rates_of_higher_education_students_-_cohort_analysis_2005-2015_report_0.pdf},
  year        = {2017},
}
@TechReport{PWC2017,
  author      = {PWC},
  institution = {PWC/Department of Education and Training},
  title       = {{Careers and pathways: research into a whole-of-system aproach to enhancing lifelong career support mechanisms for all Australians}},
  year        = {2017},
}
@TechReport{RoyMorganResearch2009,
  author      = {{Roy Morgan Research}},
  institution = {Australian Department of Education, Employment and Workplace Relations},
  title       = {{Year 12 choices: a survey of factors influencing year 12 decision-making on post-school destination, choice of university and preferred subject}},
  url         = {http://pandora.nla.gov.au/pan/127723/20110629-1522/www.deewr.gov.au/HigherEducation/Publications/Documents/Year12StudentChoicesReport.pdf},
  year        = {2009},
}
@TechReport{AustralianGovernment2017a,
  author      = {{Australian Government}},
  institution = {Department of Education and Training},
  title       = {{Student engagement and progression: VET Student Loans}},
  year        = {2017},
}
@Book{Mayhew2016,
  author      = {Mayhew, M and Rockenbach, A and Bowman, N and Seifert, T and Wolniak, G and Pascarella, E and Terenzini, P},
  publisher   = {Jossey-Bass},
  title       = {{How college affects students, volume 3: 21st century evidence that higher education works}},
  year        = {2016},
}
@TechReport{MissionAustralia2016,
  author      = {{Mission Australia}},
  institution = {Mission Australia},
  title       = {{Youth survey report 2016}},
  year        = {2016},
}
@Book{Coaldrake2016,
  author      = {Coaldrake, P and Stedman, L},
  publisher   = {University of Queensland Press},
  title       = {{Raising the stakes: Gambling with the future of universities (second edition)}},
  year        = {2016},
}
@TechReport{ABS2017b,
  author      = {ABS},
  institution = {Australian Bureau of Statistics},
  title       = {{Census of population and housing, 2016, TableBuilder Pro, Cat. 2073.0}},
  year        = {2017},
}
@TechReport{IRU2017,
  author      = {IRU},
  institution = {Innovative Research Universities},
  title       = {{Student success: a call for authentic measures and support for collaboration: submission to the Higher Education Standards Panel on the Improving retention, completion and success discussion paper}},
  year        = {2017},
}
@TechReport{AustralianGovernment2017c,
  author      = {{Australian Government}},
  institution = {Department of Education and Training},
  title       = {{Increased transparency and accountability: performance based funding growth for universities (information sheet on higher education reform package)}},
  url         = {https://docs.education.gov.au/node/47791},
  year        = {2017},
}
@Article{Cvetkovski2012,
  author      = {Cvetkovski, S and Reavley, N and Jorm, A},
  journal     = {Australian and New Zealand Journal of Psychiatry},
  number      = {5},
  pages       = {457--467},
  title       = {{The prevalence and correlates of psychological distress in Australian tertiary students compared to their community peers}},
  volume      = {46},
  year        = {2012},
}
@TechReport{ProductivityCommission2006,
  author      = {{Productivity Commission}},
  institution = {Productivity Commission},
  title       = {{Report on Government Services: Part B Education}},
  url         = {http://www.pc.gov.au/research/ongoing/report-on-government-services},
  year        = {2006},
}
@TechReport{Lumsden2012,
  author      = {Lumsden, M and Stanwick, J},
  institution = {National Centre for Vocational Education Research},
  title       = {{Who takes a gap year and why?}},
  url         = {https://www.ncver.edu.au/__data/assets/file/0022/7276/lsay_briefingreport28_2496.pdf},
  year        = {2012},
}
@TechReport{Lim2011,
  author      = {Lim, P},
  institution = {National Centre for Vocational Education Research},
  title       = {{Measuring the socioeconomic status of Australian youth}},
  year        = {2011},
}
@TechReport{ABS2017f,
  author      = {ABS},
  institution = {Australian Bureau of Statistics},
  title       = {{Microdata: Characteristics of employment, 2016, Cat. 6333.0.00.001}},
  year        = {2017},
}
@Book{Holland1997,
  author      = {Holland, J},
  edition     = {3},
  publisher   = {Psychological Assessment Resources},
  title       = {{Making vocational choices: a theory of vocational personalities and work environments}},
  year        = {1997},
}
@Misc{DepartmentofEducationandTraining2017h,
  author      = {{Department of Education and Training}},
  title       = {{HEIMSHELP Dictionary}},
  url         = {http://heimshelp.education.gov.au/sites/heimshelp/},
  year        = {2017},
}
@TechReport{Cherastidtham2018,
  author      = {Cherastidtham, I and Norton, A},
  institution = {Grattan Institute},
  title       = {{Submission on redevelopment and audit of the higher education data collection}},
  year        = {2018},
}
@TechReport{Norton2016c,
  author      = {Norton, A and Cakitaki, B},
  institution = {Grattan Institute},
  title       = {{Mapping Australian higher education 2016}},
  year        = {2016},
}
@Article{Noftle2007,
  author      = {Noftle, E and Robins, R},
  journal     = {Journal of Personality and Social Psychology},
  number      = {1},
  pages       = {116--130},
  title       = {{Personality predictors of academic outcomes: big-five correlates of GPA and SAT scores}},
  volume      = {93},
  year        = {2007},
}
@InCollection{Radloff2014,
  author      = {Radloff, A and Coates, H},
  booktitle   = {Engaging university students},
  doi         = {https://doi.org/10.1007/978-981-4585-63-7_4},
  editor      = {Coates, H and McCormick, A C},
  publisher   = {Springer},
  title       = {{Engaging university students in Australia}},
  year        = {2014},
}
@TechReport{Long2006,
  author      = {Long, M and Ferrier, F and Heagney, M},
  institution = {Monash University - ACER},
  title       = {{Stay, play or give it away? Students continuing, changing or leaving university study in first year}},
  year        = {2006},
}
@TechReport{ABS2013c,
  author      = {ABS},
  institution = {Australian Bureau of Statistics},
  title       = {{Technical paper: socio-economic indexes for areas (SEIFA) 2011, Cat. 2033.0.55.001}},
  year        = {2013},
}
@Book{Goldstein2011,
  author      = {Goldstein, H},
  publisher   = {John Wiley {\&} Sons},
  title       = {{Multilevel Statitstical Models}},
  year        = {2011},
}
@TechReport{UAC2017,
  author      = {UAC},
  institution = {Universities Admission Centre},
  title       = {{Australian Aboriginal or Torres Straight Islander Applications (EAS information for applicants 2017-18)}},
  url         = {http://www.uac.edu.au/documents/eas/fact-sheet-atsi-contacts.pdf},
  year        = {2017},
}
@TechReport{Cherastidtham2018a,
  author      = {Cherastidtham, I and Norton, A and Mackey, W},
  institution = {Grattan Institute},
  title       = {{University attrition: what helps and what hinders university completion?}},
  year        = {2018},
}
@TechReport{DepartmentofEducationandTraining2016f,
  author      = {{Department of Education and Training}},
  institution = {Department of Education and Training},
  title       = {{Students: Selected higher education statistics 2015}},
  year        = {2016},
}
@TechReport{Parks2017,
  author      = {Parks, A and Mills, J and Weber, D and Westwell, M and Barovich, K},
  institution = {University of South Australia/What should I study? project},
  title       = {{Ready or not, here I come! Learning to support year 12 students' university student choices}},
  year        = {2017},
}
@InCollection{Meston2016,
  author      = {Meston, K},
  booktitle   = {Student equity in Australian higher education: Twenty-five years of A Fair Chance for All},
  chapter     = {8},
  editor      = {Harvey, A and Brett, M and Burnheim, C},
  pages       = {125--141},
  publisher   = {Springer},
  title       = {{Access, achievement and outcomes among students from non-English speaking backgrounds}},
  year        = {2016},
}
@TechReport{ABS2016b,
  author      = {ABS},
  institution = {Australian Bureau of Statistics},
  title       = {{Microdata: Education and work, May 2016, Cat. 6227.0.30.001}},
  year        = {2016},
}
@Article{Krosnick1999,
  author      = {Krosnick, J A},
  journal     = {Annual Review of Psychology},
  pages       = {537--567},
  title       = {{Survey Research}},
  volume      = {50},
  year        = {1999},
}
@TechReport{James2009,
  author      = {James, R and Bexley, E and Shearer, M},
  institution = {Centre for the Study of Higher Education, University of Melbourne},
  title       = {{Improving Selection for Tertiary Education Places in Victoria}},
  year        = {2009},
}
@TechReport{Norton2017d,
  author      = {Norton, A and Cherastidtham, I},
  institution = {Senate Education and Employment Legislation Committee/Grattan Institute},
  title       = {{Inquiry into the Higher Education Support Legislation Amendment (A More Sustainable, Responsive and Transparent Higher Education System) Bill 2017}},
  year        = {2017},
}
@TechReport{Gore2017a,
  author      = {Gore, J and Ellis, H and Fray, L and Smith, M and Lloyd, A and Berrigan, C and Lyell, A and Weaver, N and Holmes, K},
  institution = {National Centre for Vocational Education Research},
  title       = {{Choosing VET: investigating the VET aspirations of school students}},
  url         = {https://www.ncver.edu.au/__data/assets/pdf_file/0028/1142749/Choosing-VET-investigating-the-VET-aspirations-of-school-students.pdf},
  year        = {2017},
}
@Article{Francis2004,
  author      = {Francis, B and Archer, L},
  journal     = {British Educational Research Journal},
  number      = {1},
  pages       = {89--108},
  title       = {{British-Chinese pupils' and parents' constructions of the value of education}},
  volume      = {31},
  year        = {2004},
}
@Article{Rounds2014,
  author      = {Rounds, J and Su, R},
  journal     = {Current Directions in Psychological Science},
  number      = {2},
  pages       = {98--103},
  title       = {{The nature and power of interests}},
  volume      = {23},
  year        = {2014},
}
@TechReport{SocialResearchCentre/DepartmentofEducationandTraining,
  author      = {{Social Research Centre/Department of Education and Training}},
  institution = {Social Research Centre/Department of Education and Training},
  title       = {{Student Experience Survey, micro data}},
  year        = {various years},
}
@TechReport{Brown2017,
  author      = {Brown, N},
  institution = {University of Tasmania},
  title       = {{Early engagement initiative - memo to all unit and course coordinators}},
  year        = {2017},
}
@Misc{DepartmentforEducationandTraining2015,
  author      = {{Department of Education and Training}},
  title       = {{HEIMSHELP: Commonwealth Higher Education Student Support Number (CHESSN) scope}},
  url         = {http://heimshelp.education.gov.au/sites/heimshelp/2015_data_requirements/2015higheredstudent/scope/pages/chessn},
  urldate     = {2017-11-11},
  year        = {2015},
}
@TechReport{NCVER2016,
  author      = {NCVER},
  institution = {National Centre for Vocational Education Research},
  title       = {{Longitudinal Survey of Australian Youth, 2009 cohort}},
  year        = {2016},
}
@TechReport{Norton2012,
  author      = {Norton, A},
  institution = {Grattan Institute},
  title       = {{Graduate Winners: Assessing the public and private benefits of higher education}},
  year        = {2012},
}
@TechReport{Training,
  author      = {{Department of Education and Training}},
  institution = {Department of Education and Training},
  title       = {{Redevelopment and audit of the higher education data collection: discussion paper}},
  url         = {http://heimshelp.education.gov.au/sites/heimshelp/Resources/Documents/Redevelopment-and-Audit-of-the-Higher-Education-Data-Collection.pdf},
  year        = {2018},
}
@TechReport{James2010,
  author      = {James, R and Krause, K.-L. and Jennings, C},
  institution = {Centre for the Study of Higher Education, University of Melbourne},
  title       = {{The first year experience in Australian universities: findings from 1994 to 2009}},
  year        = {2010},
}
@TechReport{DepartmentofEducationandTraining2017b,
  author      = {{Department of Education and Training}},
  institution = {Department of Education and Training},
  title       = {{Undergraduate applications, offers and acceptances 2017}},
  year        = {2017},
}
@Article{Cvetkovski2018,
  author      = {Cvetkovski, S. and Reavley, N. and Jorm, A.},
  journal     = {Higher Education Research and Development},
  number      = {3},
  pages       = {484--498},
  title       = {{Student psychological distress and degree dropout or completion: a discrete-time, competing risks survival analysis}},
  volume      = {37},
  year        = {2018},
}
@TechReport{GraduateCareersAustralia2016,
  author      = {{Graduate Careers Australia}},
  institution = {Graduate Careers Australia},
  title       = {{Graduate Destinations 2015: A report on the work and study outcomes of recent higher education graduates}},
  year        = {2016},
}
@TechReport{DepartmentofEducationandTraining2017,
  author      = {{Department of Education and Training}},
  institution = {Department of Education and Training},
  title       = {{Completion rates of domestic bachelor degree students: a cohort analysis, 2005-2015}},
  year        = {2017},
}
@Book{Raudenbush2002,
  author      = {Raudenbush, S W and Bryk, A S},
  publisher   = {Sage Publications},
  title       = {{Hierarchical linear models: Applications and data analysis methods}},
  year        = {2002},
}
@TechReport{TEQSA2017f,
  author      = {TEQSA},
  institution = {Tertiary Education Quality and Standards Agency},
  title       = {{Risk ratings: examples of relevant context and provider controls that TEQSA considers}},
  url         = {https://www.teqsa.gov.au/latest-news/publications/risk-ratings-examples-relevant-context-and-provider-controls-teqsa},
  year        = {2017},
}
@TechReport{DepartmentofEducationandTraining2015d,
  author      = {{Department of Education and Training}},
  institution = {Department of Education and Training},
  title       = {{Higher education statistics collection}},
  year        = {2015},
}
@Article{McKenzie2001,
  author      = {McKenzie, K and Schweitzer, R},
  journal     = {Higher Education Research {\&} Development},
  number      = {1},
  pages       = {21--33},
  title       = {{Who Succeeds at University? Factors predicting academic performance in first year Australian university students}},
  volume      = {20},
  year        = {2001},
}
@InCollection{Jackson2017,
  author      = {Jackson, J and Roberts, B},
  booktitle   = {The Oxford Hanbook of the Five Factor Model},
  editor      = {Widiger, T},
  publisher   = {Oxford University Press},
  title       = {{Conscientiousness}},
  year        = {2017},
}
@Book{Tinto2012,
  author      = {Tinto, V},
  publisher   = {The University of Chicago Press},
  title       = {{Completing college: rethinking institutional action}},
  year        = {2012},
}
@Book{Coates2014a,
  editor      = {Coates, H and McCormick, A},
  publisher   = {Springer},
  title       = {{Engaging university students}},
  year        = {2014},
}
@TechReport{Dawson2016,
  author      = {Dawson, S and Gasevic, D and Rogers, T},
  institution = {University of South Australia/Office for Learning and Teaching},
  title       = {{Student retention and learning analytics: a snapshot of Australian practices and a framework for advancement}},
  year        = {2016},
}
@Article{Poropat2009,
  author      = {Poropat, A},
  journal     = {Psychological Bulletin},
  number      = {2},
  pages       = {322--338},
  title       = {{A meta-analysis of the five-factor model of personality and academic performance}},
  volume      = {135},
  year        = {2009},
}
@Article{Schnepf2017,
  author      = {Schnepf, S},
  journal     = {Higher Education Quarterly},
  number      = {1},
  pages       = {75--96},
  title       = {{How do tertiary dropouts fare in the labour market?: A comparison between EU countries}},
  volume      = {71},
  year        = {2017},
}
@TechReport{Messinis2015a,
  author      = {Messinis, George and Sheehan, Peter},
  institution = {Victoria University/Victoria Institute of Strategic Economic Studies Melbourne},
  title       = {{The Academic Performance of First Year Students at Victoria University by Entry Score and SES, 2009-2013}},
  url         = {https://www.vu.edu.au/sites/default/files/cses/pdfs/the-academic-performance-of-first-year-students-at-VU-by-entry-score-and-SES-2009-2013.pdf},
  year        = {2015},
}
@TechReport{Daniels2017,
  author      = {Daniels, D},
  institution = {Parliamentary Library},
  title       = {{Student income support: a chronology}},
  url         = {http://parlinfo.aph.gov.au/parlInfo/download/library/prspub/5428620/upload_binary/5428620.pdf},
  year        = {2017},
}
@TechReport{ABSc,
  author      = {ABS},
  institution = {Australian Bureau of Statistics},
  title       = {{Schools, Australia, Cat. 4221.0}},
  year        = {various years},
}
@Article{Li2013,
  author      = {Li, I W and Miller, P},
  journal     = {Australian Economic Review},
  number      = {1},
  pages       = {14--30},
  title       = {{The absorption of recent graduates into the Australian labour market: variations by university attended and field of study}},
  volume      = {46},
  year        = {2013},
}
@Article{Birch2007,
  author      = {Birch, E and Miller, P},
  doi         = {10.1111/j.1467-8454.2007.00302.x},
  journal     = {Australian Economic Papers},
  number      = {1},
  pages       = {1--17},
  title       = {{The influence of type of high school attended on university performance}},
  volume      = {46},
  year        = {2007},
}
@TechReport{UniversitiesAustralia2008,
  author      = {{Universities Australia}},
  institution = {Universities Australia},
  title       = {{Report on applications, offers and acceptances of undergraduate places 2008}},
  year        = {2008},
}
@Misc{Darves2016,
  author      = {Darves, Derek},
  title       = {{placement: Tools for Accessing Google Maps API}},
  url         = {https://cran.r-project.org/web/packages/placement/placement.pdf},
  year        = {2016},
}
@TechReport{DepartmentofEducationandTraining2015n,
  author      = {{Department of Education and Training}},
  institution = {Department of Education and Training},
  title       = {{Higher Education Standards Framework (Threshold Standards) 2015}},
  url         = {https://www.legislation.gov.au/Details/F2015L01639},
  year        = {2015},
}
@TechReport{DepartmentofEducationandTraining2017e,
  author      = {{Department of Education and Training}},
  institution = {Department of Education and Training},
  title       = {{Annual report, 2016-17}},
  url         = {https://docs.education.gov.au/system/files/doc/other/education_annual_report_2016-17_0.pdf},
  year        = {2017},
}
@Misc{Norton2017b,
  author      = {Norton, A},
  booktitle   = {Sydney Morning Herald},
  title       = {{Bold and successful experiment comes to premature end with {\$}2.2 billion university funding cut}},
  url         = {http://www.smh.com.au/comment/bold-and-successful-experiment-comes-to-premature-end-with-22-billion-university-funding-cut-20171220-h07tfa.html},
  year        = {2017},
}
@Misc{Monash,
  author      = {{Monash University}},
  title       = {{How to apply for a Monash IT degree: Readmission to courses}},
  url         = {https://www.monash.edu/it/future-students/how-to-apply/readmission-to-courses},
  urldate     = {2018-04-15},
  year        = {2018},
}
@TechReport{ANOP/DEET1994,
  author      = {ANOP/DEET},
  institution = {ANOP Research Services/Department of Employment, Education and Training},
  title       = {{Young people's attitudes to post-compulsory education and training}},
  year        = {1994},
}
@TechReport{Lamb2015,
  author      = {Lamb, S and Jackson, J and Walstab, A and Huo, S},
  institution = {Mitchell Institute},
  title       = {{Educational opportunity in Australia 2015: Who succeeds and who misses out}},
  url         = {http://www.mitchellinstitute.org.au/wp-content/uploads/2015/11/Educational-opportunity-in-Australia-2015-Who-succeeds-and-who-misses-out-19Nov15.pdf},
  year        = {2015},
}
@TechReport{DIICCSRTE2013c,
  author      = {DIICCSRTE},
  institution = {Department of Industry, Innovation, Science, Research and Tertiary Education},
  title       = {{Higher education standards framework (threshold standards) 2011}},
  url         = {https://www.legislation.gov.au/Details/F2013C00169},
  year        = {2013},
}
@TechReport{Wilkins2016,
  author      = {Wilkins, R},
  institution = {Melbourne Institute of Applied Economic and Social Research},
  title       = {{The Household, Income and Labour Dynamics in Australia Survey: Selected findings from waves 1 to 14, the 11th annual statistical report of the HILDA survey}},
  year        = {2016},
}
@Misc{Google2017,
  author      = {Google},
  title       = {{Build the next generation of location experiences}},
  url         = {https://developers.google.com/maps/},
  urldate     = {2017-11-23},
  year        = {2017},
}
@TechReport{TEQSA2017,
  author      = {TEQSA},
  institution = {Tertiary Education Quality and Standards Agency},
  title       = {{HESF Domain 1: Student participation and attainment}},
  year        = {2017},
}
@Article{Cvetkovski2017,
  author      = {Cvetkovski, S and Jorm, A and MacKinnon, A},
  journal     = {Higher Education Research and Development},
  number      = {3},
  pages       = {484--498},
  title       = {{Student psychological distress and degree dropout or completion: a discrete-time, competing risks survival analysis}},
  volume      = {37},
  year        = {2018},
}
@TechReport{Norton2013e,
  author      = {Norton, A and Sonnemann, J and McGannon, C},
  institution = {Grattan Institute},
  title       = {{The online evolution: When technology meets tradition in higher education}},
  year        = {2013},
}
@TechReport{DepartmentofEducationandTraining2016,
  author      = {{Department of Education and Training}},
  institution = {Department of Education and Training},
  title       = {{Undergraduate applications, offers and acceptances 2016 report}},
  year        = {2016},
}
@Article{McLean2016,
  author      = {McLean, S and Booth, A and Gee, M and Salway, S and Cobb, M and Bhanbhro, S and Nancarrow, S},
  journal     = {Patient Preference and Adherence.},
  pages       = {479--499},
  title       = {{Appointment reminder systems are effective but not optimal: results of a systematic review and evidence synthesis employing realist principles.}},
  volume      = {10},
  year        = {2016},
}
@TechReport{ABS2016f,
  author      = {ABS},
  institution = {Australian Bureau of Statistics},
  title       = {{Microdata: Qualifications and work, Australia, 2015, Cat. 4235.0.55.001}},
  year        = {2016},
}
@TechReport{Birmingham2017a,
  author      = {Birmingham, S},
  institution = {Ministers for the Department of Education and Training media centre},
  title       = {{Speech to the Universities Australia conference}},
  url         = {https://ministers.education.gov.au/birmingham/universities-australia-2017-conference},
  year        = {2017},
}
@TechReport{Li2017,
  author      = {Li, I W and Carroll, D},
  institution = {National Centre for Student Equity in Higher Education (NCSEHE)},
  title       = {{Factors Influencing University Student Satisfaction, Dropout and Academic Performance: An Australian Higher Education Equity Perspective}},
  url         = {https://www.ncsehe.edu.au/wp-content/uploads/2017/03/03LiUWA_Formatted_FINAL.pdf},
  year        = {2017},
}
@TechReport{Harvey2017a,
  author      = {Harvey, A and Szalkowicz, G and Luckman, M},
  institution = {La Trobe University},
  title       = {{The re-recruitment of students who have withdrawn from Australian higher education}},
  year        = {2017},
}
@TechReport{DepartmentofEducationandTraining2017g,
  author      = {{Department of Education and Training}},
  institution = {Department of Education and Training},
  title       = {{Allocation of units of study to funding clusters and student contribution bands according to field of education codes for 2017}},
  url         = {https://docs.education.gov.au/system/files/doc/other/2017_allocation_of_units_of_study_v2.pdf},
  year        = {2017},
}
@TechReport{VTAC2018,
  author      = {VTAC},
  institution = {Victorian Tertiary Admissions Centre},
  title       = {{SEAS categories and institutions}},
  url         = {http://www.vtac.edu.au/who/seas/categories.html},
  year        = {2018},
}
@Article{Gore2015,
  author      = {Gore, J},
  journal     = {Australian Educational Researcher},
  pages       = {155--177},
  title       = {{Socioeconomic status and the career aspirations of Australian school students: testing enduring assumptions}},
  volume      = {42},
  year        = {2015},
}
@InCollection{Stoll2017,
  author      = {Stoll, G and Trautwein, U},
  booktitle   = {Personality development across the lifespan},
  editor      = {Specht, J},
  pages       = {401--417},
  publisher   = {Elsevier},
  title       = {{Vocational interests as personality traits: characteristics, development, and significance in educational and organisational contexts}},
  year        = {2017},
}
@Article{Tembo2017,
  author      = {Tembo, C and Burns, S and Kalembo, F},
  journal     = {PLOS One},
  title       = {{The association between levels of alcohol consumption and mental health problems and academic performance among young university students}},
  url         = {https://doi.org/10.1371/journal.pone.0178142},
  year        = {2017},
}
@Misc{UniversityofMelbourne2017,
  author      = {{University of Melbourne}},
  title       = {{Melbourne Policy Library: Academic Progress Review Policy (MPF1291)}},
  url         = {http://policy.unimelb.edu.au/MPF1291},
  year        = {2017},
}
@TechReport{DepartmentofEducationandTraining2017m,
  author      = {{Department of Education and Training}},
  institution = {Social Research Centre/Department of Education and Training},
  title       = {{2016 Graduate outcomes survey-longitudinal (GOS-L): medium term graduate outcomes}},
  year        = {2017},
}
@TechReport{NCVER2016a,
  author      = {NCVER},
  institution = {National Centre for Vocational Education Research},
  title       = {{Total VET Graduate Outcomes 2016 - Tablebuilder}},
  url         = {http://vocstats.ncver.edu.au/webapi/jsf/tableView/tableView.xhtml},
  year        = {2016},
}
@TechReport{Daly2012,
  author      = {Daly, A and Lewis, P and Corliss, M and Heaslip, T},
  institution = {Centre for Labour Market Research},
  title       = {{The private rate of return to a university degree in Australia}},
  url         = {http://journals.sagepub.com/doi/pdf/10.1177/0004944114565117},
  year        = {2012},
}
@Misc{Birmingham2017,
  author      = {Birmingham, S},
  publisher   = {Minister for Education and Training, media centre },
  title       = {{Sustainability and excellence in higher education (media release)}},
  url         = {https://ministers.education.gov.au/birmingham/sustainability-and-excellence-higher-education},
  year        = {2017},
}
@TechReport{Kemp2014,
  author      = {Kemp, D and Norton, A},
  institution = {Department of Education},
  title       = {{Review of the demand driven system: final report}},
  year        = {2014},
}
@TechReport{Wei2010,
  author      = {Wei, H},
  institution = {Australian Bureau of Statistics},
  title       = {{Measuring Economic Returns to Post-School Education in Australia}},
  year        = {2010},
}
@TechReport{DepartmentofEducationandTraining2017o,
  author      = {{Department of Education and Training}},
  institution = {Department of Education and Training},
  title       = {{Completion rates of domestic bachelor degree students: a cohort analysis, 2005-2014}},
  year        = {2017},
}
@TechReport{TEQSA2016e,
  author      = {TEQSA},
  institution = {Tertiary Education Quality and Standards Agency},
  title       = {{TEQSA's Risk Assessment Framework, Version 2.1}},
  year        = {2017},
}
@Misc{TertiaryEducationCommissionNZ,
  author      = {{Tertiary Education Commission (NZ)}},
  title       = {{Tertiary Education Commission/Te Amorangi Matauranga Matua: Frequently asked questions on FeesFree.govt.nz}},
  url         = {https://www.feesfree.govt.nz/faqs/},
  urldate     = {2018-04-23},
  year        = {2018},
}
@TechReport{DepartmentofEducationandTraining2016a,
  author      = {{Department of Education and Training}},
  institution = {Social Research Centre/Department of Education and Training},
  title       = {{Microdata - 2016 Graduate outcomes survey  - longitudinal }},
  year        = {2016},
}
@Book{Matthews2003,
  author      = {Matthews, G and Deary, I and Whiteman, M},
  edition     = {2},
  publisher   = {Cambridge University Press},
  title       = {{Personality traits}},
  year        = {2003},
}
@TechReport{Harvey2016,
  author      = {Harvey, A and Brett, M and Cardak, B and Sheridan, A and Stratford, J and Tootell, N and McAllister, R and Spicer, R},
  institution = {La Trobe University/UNE},
  title       = {{The adaptation of tertiary admissions practices to growth and diversity}},
  year        = {2016},
}
@Book{Hosmer2013,
  author      = {Hosmer, D and Lemeshow, S},
  publisher   = {John Wiley {\&} Sons},
  title       = {{Applied Logistic Regression}},
  year        = {2013},
}
@Article{Vedel2014,
  author      = {Vedel, A},
  journal     = {Personality and individual differences},
  pages       = {66--76},
  title       = {{The big 5 and tertiary academic performance: a systematic review and meta-analysis}},
  volume      = {71},
  year        = {2014},
}
@TechReport{UTS2016,
  author      = {UTS},
  institution = {University of Technology Sydney},
  title       = {{UTS admissions policy}},
  url         = {http://www.gsu.uts.edu.au/policies/admissionspolicy.html},
  year        = {2016},
}
@TechReport{DepartmentofEducationandTraining2017n,
  author      = {{Department of Education and Training}},
  institution = {Department of Education and Training},
  title       = {{Higher education statistics collection}},
  year        = {2017},
}
@Article{Curtis2002,
  author      = {Curtis, S and Shani, N},
  journal     = {Journal of Further and Higher Education},
  number      = {2},
  title       = {{The effect of taking paid employment during term-time on students' academic studies}},
  volume      = {26},
  year        = {2002},
}
@TechReport{NCVER2014,
  author      = {NCVER},
  institution = {National Centre for Vocational Education Research},
  title       = {{Longitudinal Survey of Australian Youth, 2006 cohort}},
  year        = {2014},
}
@InCollection{Norton2016a,
  author      = {Norton, A},
  booktitle   = {Student equity in higher education: Twenty-five years of A Fair Chance for All},
  editor      = {Harvey, A and Brett, M and Burnheim, C},
  pages       = {183--206},
  publisher   = {Springer},
  title       = {{Equity and markets}},
  year        = {2016},
}
@TechReport{ABS2016g,
  author      = {ABS},
  institution = {Australian Bureau of Statistics},
  title       = {{Qualifications and work, Australia, 2015, Cat. 4235.0}},
  year        = {2016},
}
@Misc{GriffithUniversity2017,
  author      = {{Griffith University}},
  title       = {{Griffith University website, learning and teaching section: Students at risk}},
  year        = {2017},
}
@TechReport{GroupofEight2017,
  author      = {{Group of Eight}},
  institution = {Group of Eight},
  publisher   = {Group of Eight},
  title       = {{Submission to the Higher Education Standards Panel on the Improving retention, completion and success discussion paper}},
  year        = {2017},
}
@TechReport{VTAC2016,
  author      = {VTAC},
  institution = {Victorian Tertiary Admissions Centre},
  title       = {{ABC of scaling 2016}},
  url         = {http://www.vtac.edu.au/files/pdf/publications/abcofscaling.pdf},
  year        = {2016},
}
@TechReport{UniversityofTasmania2018,
  author      = {{University of Tasmania}},
  institution = {University of Tasmania},
  title       = {{Admission requirements}},
  url         = {http://www.utas.edu.au/admissions/undergraduate/admission-requirements},
  year        = {2018},
}
@Article{Poropat2014,
  author      = {Poropat, A},
  journal     = {Learning and Individiual Differences},
  pages       = {24--32},
  title       = {{Other-related personality and academic performance: evidence and implications}},
  volume      = {34},
  year        = {2014},
}
@TechReport{Savage2012,
  author      = {Savage, J and Norton, A},
  institution = {Grattan Institute},
  title       = {{Non-financial benefits of higher education}},
  url         = {http://grattan.edu.au/static/files/assets/0b7377cf/164_graduate_winners_non-financial_benefits.pdf},
  year        = {2012},
}
@Article{Bowden2010,
  author      = {Bowden, M and Doughney, J},
  journal     = {Higher Education},
  pages       = {115--129},
  title       = {{Socio-economic status, cultural diversity and the aspirations of sceondary students in the western suburbs of Melbourne}},
  volume      = {59},
  year        = {2010},
}
@TechReport{Lim2015,
  author      = {Lim, P},
  institution = {National Centre for Student Equity in Higher Education (NCSEHE)},
  title       = {{Do individual background characteristics influence tertiary completion rates?}},
  url         = {https://www.ncsehe.edu.au/wp-content/uploads/2015/09/Do-individual-background-characteristics-influence-tertiary-completion-rates.pdf},
  year        = {2015},
}
@TechReport{SocialResearchCentre/DepartmentofEducationandTraining2017,
  author      = {{Social Research Centre/Department of Education and Training}},
  institution = {Social Research Centre/Department of Education and Training},
  title       = {{2016 Student Experience Survey national report}},
  year        = {2017},
}
@TechReport{ABS2006,
  author      = {ABS},
  institution = {Australian Bureau of Statistics},
  title       = {{Australian Standard Geographical Classification (ASGC) Remoteness Area Correspondences, Cat. 1216.0.15.003}},
  url         = {http://www.abs.gov.au/AUSSTATS/abs@.nsf/Lookup/1216.0.15.003Main+Features12006?OpenDocument},
  year        = {2006},
}
@Book{Harvey-Beavis1998,
  address     = {Canberra},
  author      = {Harvey-Beavis, A and Elsworth, G},
  publisher   = {Australia Department of Employment, Education, Training and Youth Affairs},
  title       = {{Individual demand for tertiary education: interests and fields of study}},
  year        = {1998},
}
@Article{Gore2017b,
  author      = {Gore, J and Holmes, K and Smith, M and Fray, L and McElduff, P and Weaver, N and Wallington, C},
  journal     = {Higher Education Research and Development},
  number      = {7},
  pages       = {1383--1400},
  title       = {{Unpacking the career aspirations of Australian school students: towards an evidence base for university equity initiatives in schools}},
  volume      = {36},
  year        = {2017},
}
@TechReport{TEQSA2017c,
  author      = {TEQSA},
  institution = {Tertiary Education Quality and Standards Agency},
  title       = {{National register of higher education providers}},
  url         = {http://www.teqsa.gov.au/national-register},
  year        = {2017},
}
@TechReport{DepartmentofEducationandTraining2017i,
  author      = {{Department of Education and Training}},
  institution = {Department of Education and Training},
  title       = {{Appendix A - Higher education and VET provider codes and names}},
  url         = {http://heimshelp.education.gov.au/sites/heimshelp/Resources/Documents/Appendix-A-Higher-education-and-VET-provider-codes-and-names.pdf},
  year        = {2017},
}
@Article{Nye2012,
  author      = {Nye, C and Su, R and Rounds, J and Drasgow, F},
  journal     = {Perspectives on Psychological Science},
  number      = {4},
  pages       = {384--403},
  title       = {{Vocational interests and performance: a quantitative summary of over 60 years of research}},
  volume      = {7},
  year        = {2012},
}
@TechReport{OES2018,
  author      = {OES},
  institution = {Online Education Services},
  title       = {{OES un-enrolment process for disengaged students}},
  year        = {2018},
}
@TechReport{Cardak2017,
  author      = {Cardak, B and Brett, M and Bowden, M and Vecci, J and Barry, P and Bahtsevanoglou, J and McAllister, R},
  institution = {National Centre for Student Equity in Higher Education (NCSEHE)},
  title       = {{Regional student participation and migration}},
  url         = {https://www.ncsehe.edu.au/wp-content/uploads/2017/02/Regional-Student-Participation-and-Migration-20170227-Final.pdf},
  year        = {2017},
}
@TechReport{Li2014,
  author      = {Li, I W and Dockery, A M},
  institution = {National Centre for Student Equity in Higher Education, Curtin University},
  title       = {{Socioeconomic status of schools and university academic performance: implications for Australia's higher education expansion}},
  year        = {2014},
}
@TechReport{HigherEducationStandardsPanel2017,
  author      = {{Higher Education Standards Panel}},
  institution = {Department of Education and Training},
  title       = {{Discussion paper: Improving retention, completion and success in higher education}},
  url         = {https://docs.education.gov.au/node/44116},
  year        = {2017},
}
@TechReport{AustralianGovernment2017b,
  author      = {{Australian Government}},
  institution = {Department of Education and Training},
  title       = {{New schedule of repayment thresholds and indexation arrangements for the Higher Education Loan Program (HELP) (information sheet on higher education reform packge)}},
  url         = {https://docs.education.gov.au/node/47776},
  year        = {2017},
}
@TechReport{ABS2011f,
  author      = {ABS},
  institution = {Australian Bureau of Statistics},
  title       = {{Education and work 2011, Cat. 6227.0}},
  year        = {2011},
}
@TechReport{GraduateCareersAustralia2012,
  author      = {{Graduate Careers Australia}},
  institution = {Graduate Careers Australia},
  title       = {{Graduate Course Experience 2011, The Report of the Course Experience Questionnaire}},
  url         = {http://www.graduatecareers.com.au/wp-content/uploads/2012/08/Graduate-Course-Experience-2011-secured.pdf},
  year        = {2012},
}
@TechReport{DepartmentofEducationandTraininga,
  author      = {{Department of Education and Training}},
  institution = {Department of Education and Training},
  title       = {{Higher education statistics collection}},
  year        = {various years},
}
@Article{Richardson2012,
  author      = {Richardson, M and Arbraham, C and Bond, R},
  journal     = {Psychological Bulletin},
  number      = {2},
  pages       = {353--387},
  title       = {{Pscyhological correlates of university students' academic performance: a systematic review and meta-analysis}},
  volume      = {138},
  year        = {2012},
}
@TechReport{TEQSA2017b,
  author      = {TEQSA},
  institution = {Tertiary Education Quality and Standards Agency},
  title       = {{Template beta initial course accreditation}},
  year        = {2017},
}
@TechReport{Baik2015,
  author      = {Baik, C and Naylor, R and Arkoudis, S},
  institution = {University of Melbourne/Centre for the Study of Higher Education},
  title       = {{The first year experience in Australian universities: findings from two decades 1994-2014}},
  year        = {2015},
}
@Article{Messinis2015,
  author      = {Messinis, G},
  journal     = {The Conversation},
  title       = {{ATAR found to be a poor predictor of how well students do at uni}},
  url         = {https://theconversation.com/atar-found-to-be-a-poor-predictor-of-how-well-students-do-at-uni-41677},
  year        = {2015},
}
@Article{Blair1998,
  author      = {Blair, S and Qian, Z},
  journal     = {Journal of Family Issues},
  number      = {4},
  pages       = {355--374},
  title       = {{Family and Asian Students' Educational Performance: A consideration of diversity}},
  volume      = {19},
  year        = {1998},
}
@TechReport{James2002,
  author      = {James, R},
  institution = {Department of Education, Science and Training/Centre for the Study of Higher Education},
  title       = {{Socioeconomic background and higher education participation: an analysis of school students' expectations}},
  year        = {2002},
}
@TechReport{TEQSA2017e,
  author      = {TEQSA},
  institution = {Tertiary Education Quality and Standards Agency},
  title       = {{Characteristics of Australian higher education providers and their relation to first-year student attrition}},
  year        = {2017},
}
@TechReport{West2015,
  author      = {West, D and Huijser, H and Lizzio, A and Toohey, D and Miles, C and Searle, B and Bronnimann, J},
  institution = {Office for Learning and Teaching/Charles Darwin University},
  title       = {{Learning analytics: assisting universities with student retention, final report}},
  year        = {2015},
}
@TechReport{DIICCSRTE2013,
  author      = {DIICCSRTE},
  institution = {Department of Industry, Innovation, Climate Change, Science, Research and Tertiary Education},
  title       = {{Administration Guidelines 2012 (Higher Education Support Act 2003)}},
  url         = {https://www.legislation.gov.au/Details/F2013C00519},
  year        = {2013},
}
@TechReport{DepartmentofHumanServices2017,
  author      = {{Department of Human Services}},
  institution = {Department of Human Services},
  title       = {{Study loads for Austudy and Youth Allowance}},
  url         = {https://www.humanservices.gov.au/individuals/enablers/study-loads-austudy-and-youth-allowance},
  year        = {2017},
}
@TechReport{Norton2018d,
  author      = {Norton, A and Cherastidtham, I and Mackey, W},
  institution = {Grattan Institute},
  title       = {{Dropping out: the benefits and costs of trying university}},
  year        = {2018},
}
